<?xml version="1.0" encoding="UTF-8"?><collection xmlns="http://www.loc.gov/MARC21/slim"><record><leader>00371nam--2200157-i-4500</leader><controlfield tag="001">000003387</controlfield><controlfield tag="002">20161230</controlfield><controlfield tag="005">20170113234425</controlfield><controlfield tag="008">060222s1000------------r-----000-0-eng-d</controlfield><datafield ind1=" " ind2=" " tag="100"><subfield code="a">Binder, R. C</subfield></datafield><datafield ind1=" " ind2=" " tag="245"><subfield code="a">Fluid mechanics</subfield></datafield><datafield ind1=" " ind2=" " tag="250"><subfield code="a">2-nd edition</subfield></datafield><datafield ind1=" " ind2=" " tag="260"><subfield code="a">New York</subfield><subfield code="b">Prentice-hall</subfield><subfield code="c">1949</subfield></datafield><datafield ind1=" " ind2=" " tag="300"><subfield code="a">IX + 361 p</subfield></datafield><datafield ind1=" " ind2=" " tag="852"><subfield code="a">2375</subfield></datafield><datafield ind1=" " ind2=" " tag="CAT"><subfield code="a">SYS</subfield><subfield code="c">20170113</subfield><subfield code="h">234425</subfield></datafield></record></collection>